<record><leader>00000cas a22000007a 4500</leader><controlfield tag="001">24074553</controlfield><controlfield tag="008">910715d18991918njuwr ne      0    0eng d</controlfield><datafield ind1=" " ind2=" " tag="010"><subfield code="a">sn 91064020 </subfield></datafield><datafield ind1=" " ind2=" " tag="040"><subfield code="a">NJW</subfield><subfield code="b">eng</subfield><subfield code="c">NJW</subfield><subfield code="d">OCLCQ</subfield></datafield><datafield ind1="0" ind2=" " tag="130"><subfield code="a">Pennington post (1899)</subfield></datafield><datafield ind1="1" ind2="4" tag="245"><subfield code="a">The Pennington post.</subfield></datafield><datafield ind1=" " ind2=" " tag="260"><subfield code="a">Pennington, N.J. :</subfield><subfield code="b">W.B.R. Mason</subfield></datafield><datafield ind1=" " ind2=" " tag="300"><subfield code="a">v.</subfield></datafield><datafield ind1=" " ind2=" " tag="310"><subfield code="a">Weekly</subfield></datafield><datafield ind1="0" ind2=" " tag="362"><subfield code="a">Vol. 1, no. 1, (Aug. 30, 1899)-</subfield></datafield><datafield ind1="1" ind2=" " tag="362"><subfield code="a">Ceased in 1918?</subfield></datafield><datafield ind1=" " ind2=" " tag="752"><subfield code="a">United States</subfield><subfield code="b">New Jersey</subfield><subfield code="c">Mercer</subfield><subfield code="d">Pennington.</subfield></datafield></record>